<record><leader>00000cas a22000007a 4500</leader><controlfield tag="001">20783387</controlfield><controlfield tag="008">891214d193u1948ohuwr ne      0    0eng d</controlfield><datafield ind1=" " ind2=" " tag="010"><subfield code="a">sn 89076213 </subfield></datafield><datafield ind1=" " ind2=" " tag="040"><subfield code="a">ONP</subfield><subfield code="b">eng</subfield><subfield code="c">ONP</subfield><subfield code="d">OCLCQ</subfield></datafield><datafield ind1=" " ind2=" " tag="042"><subfield code="a">msc</subfield></datafield><datafield ind1="0" ind2="0" tag="245"><subfield code="a">Middleport review.</subfield></datafield><datafield ind1=" " ind2=" " tag="260"><subfield code="a">Middleport, Ohio :</subfield><subfield code="b">Middleport Pub. Co</subfield></datafield><datafield ind1=" " ind2=" " tag="300"><subfield code="a">v.</subfield></datafield><datafield ind1="1" ind2=" " tag="362"><subfield code="a">Ceased in June 1948.</subfield></datafield><datafield ind1=" " ind2=" " tag="588"><subfield code="a">Description based on: Vol. 9, no. 35 (Nov. 29, 1945).</subfield></datafield><datafield ind1=" " ind2=" " tag="752"><subfield code="a">United States</subfield><subfield code="b">Ohio</subfield><subfield code="c">Meigs</subfield><subfield code="d">Middleport.</subfield></datafield><datafield ind1="0" ind2="4" tag="785"><subfield code="t">Sentinel (Pomeroy, Ohio)</subfield><subfield code="w">(DLC)sn 87075192</subfield></datafield></record>